@article{Nguyen2023,
  title={Quantum optimization with arbitrary connectivity using Rydberg atom arrays},
  author={Nguyen, Minh-Thi and Liu, Jin-Guo and Wurtz, Jonathan and Lukin, Mikhail D and Wang, Sheng-Tao and Pichler, Hannes},
  journal={PRX Quantum},
  volume={4},
  number={1},
  pages={010316},
  year={2023},
  publisher={APS},
  url={https://link.aps.org/doi/10.1103/PRXQuantum.4.010316}
}

@article{Wang2013,
  title={Comment on:" Classical signature of quantum annealing"},
  author={Wang, Lei and R{\o}nnow, Troels F and Boixo, Sergio and Isakov, Sergei V and Wang, Zhihui and Wecker, David and Lidar, Daniel A and Martinis, John M and Troyer, Matthias},
  journal={arXiv preprint arXiv:1305.5837},
  year={2013},
  url={https://arxiv.org/abs/1305.5837}
}

@book{Feynman2018,
  title={Feynman lectures on computation},
  author={Feynman, Richard P},
  year={2018},
  publisher={CRC Press}
}

@article{Reeb2014,
  title={An improved Landauer principle with finite-size corrections},
  author={Reeb, David and Wolf, Michael M},
  journal={New Journal of Physics},
  volume={16},
  number={10},
  pages={103011},
  year={2014},
  publisher={IOP Publishing},
  url={https://iopscience.iop.org/article/10.1088/1367-2630/16/10/103011/meta}
}

@book{Moore2011,
  title={The nature of computation},
  author={Moore, Cristopher and Mertens, Stephan},
  year={2011},
  publisher={Oxford University Press}
}

@article{Pichler2018,
  title={Quantum optimization for maximum independent set using Rydberg atom arrays},
  author={Pichler, Hannes and Wang, Sheng-Tao and Zhou, Leo and Choi, Soonwon and Lukin, Mikhail D},
  journal={arXiv preprint arXiv:1808.10816},
  year={2018},
  url={https://arxiv.org/abs/1808.10816}
}

@article{Zhang2014,
  title={Suppression of target patterns in domain aligned cold-zone annealed block copolymer films with immobilized film-spanning nanoparticles},
  author={Zhang, Xiaohua and Yager, Kevin G and Douglas, Jack F and Karim, Alamgir},
  journal={Soft matter},
  volume={10},
  number={20},
  pages={3656--3666},
  year={2014},
  publisher={Royal Society of Chemistry},
  url={https://pubs.rsc.org/en/content/articlehtml/2014/sm/c4sm00238e}
}

@article{Bai2015,
  title={Testing thermal gradient driving force for grain boundary migration using molecular dynamics simulations},
  author={Bai, Xian-Ming and Zhang, Yongfeng and Tonks, Michael R},
  journal={Acta materialia},
  volume={85},
  pages={95--106},
  year={2015},
  publisher={Elsevier},
  url={https://www.sciencedirect.com/science/article/pii/S1359645414008635}
}

@article{Deng2006,
  title={Numerical simulation of temperature field and residual stress in multi-pass welds in stainless steel pipe and comparison with experimental measurements},
  author={Deng, Dean and Murakawa, Hidekazu},
  journal={Computational materials science},
  volume={37},
  number={3},
  pages={269--277},
  year={2006},
  publisher={Elsevier},
  url={https://www.sciencedirect.com/science/article/pii/S0927025605002624}
}

@article{Tan2017,
  title={Monte Carlo grain growth modeling with local temperature gradients},
  author={Tan, Y and Maniatty, AM and Zheng, C and Wen, JT},
  journal={Modelling and Simulation in Materials Science and Engineering},
  volume={25},
  number={6},
  pages={065003},
  year={2017},
  publisher={IOP Publishing},
  url={https://iopscience.iop.org/article/10.1088/1361-651X/aa7327/meta}
}

@article{Godfrey1995,
  title={Some Monte Carlo studies of grain growth in a temperature gradient},
  author={Godfrey, AW and Martin, JW},
  journal={Philosophical Magazine A},
  volume={72},
  number={3},
  pages={737--749},
  year={1995},
  publisher={Taylor \& Francis},
  url={https://www.tandfonline.com/doi/abs/10.1080/01418619508243797}
}

@article{Zollner2014,
  title={A new point of view to determine the simulation temperature for the Potts model simulation of grain growth},
  author={Z{\"o}llner, D},
  journal={Computational materials science},
  volume={86},
  pages={99--107},
  year={2014},
  publisher={Elsevier},
  url={https://www.sciencedirect.com/science/article/pii/S0927025614000627}
}

@article{Aadit2022,
  title={Massively parallel probabilistic computing with sparse Ising machines},
  author={Aadit, Navid Anjum and Grimaldi, Andrea and Carpentieri, Mario and Theogarajan, Luke and Martinis, John M and Finocchio, Giovanni and Camsari, Kerem Y},
  journal={Nature Electronics},
  volume={5},
  number={7},
  pages={460--468},
  year={2022},
  publisher={Nature Publishing Group},
  url={https://www.nature.com/articles/s41928--022-00774-2}
}

@article{Bybee2023,
  title={Efficient optimization with higher-order Ising machines},
  author={Bybee, Connor and Kleyko, Denis and Nikonov, Dmitri E and Khosrowshahi, Amir and Olshausen, Bruno A and Sommer, Friedrich T},
  journal={Nature Communications},
  volume={14},
  number={1},
  pages={6033},
  year={2023},
  publisher={Nature Publishing Group UK London},
  url={https://www.nature.com/articles/s41467-023-41214-9}
}

@article{Cook2009,
  title={A concrete view of rule 110 computation},
  author={Cook, Matthew},
  journal={arXiv preprint arXiv:0906.3248},
  year={2009},
  url={https://arxiv.org/abs/0906.3248}
}